<record><leader>00000cas a2200000 a 4500</leader><controlfield tag="001">11342525</controlfield><controlfield tag="008">841102d185719uuohuwr ne      0   a0eng c</controlfield><datafield ind1=" " ind2=" " tag="010"><subfield code="a">sn 84024978 </subfield></datafield><datafield ind1=" " ind2=" " tag="040"><subfield code="a">NPV</subfield><subfield code="b">eng</subfield><subfield code="c">NPV</subfield><subfield code="d">NPY</subfield><subfield code="d">DLC</subfield><subfield code="d">NPU</subfield><subfield code="d">NPX</subfield><subfield code="d">NPI</subfield><subfield code="d">ONP</subfield><subfield code="d">KNP</subfield><subfield code="d">ONP</subfield><subfield code="d">KNP</subfield><subfield code="d">MGN</subfield><subfield code="d">NVF</subfield><subfield code="d">OCL</subfield><subfield code="d">CVF</subfield><subfield code="d">OCLCQ</subfield><subfield code="d">OCLCF</subfield><subfield code="d">OCLCO</subfield></datafield><datafield ind1="1" ind2=" " tag="029"><subfield code="a">AU@</subfield><subfield code="b">000025834901</subfield></datafield><datafield ind1=" " ind2=" " tag="042"><subfield code="a">pcc</subfield></datafield><datafield ind1=" " ind2=" " tag="043"><subfield code="a">n-us-oh</subfield></datafield><datafield ind1="0" ind2="0" tag="050"><subfield code="a">Newspaper 9214-X</subfield></datafield><datafield ind1="0" ind2="0" tag="245"><subfield code="a">Cincinnati weekly gazette.</subfield></datafield><datafield ind1=" " ind2=" " tag="260"><subfield code="a">Cincinnati [Ohio :</subfield><subfield code="b">Gazette Co.],</subfield><subfield code="c">1857-</subfield></datafield><datafield ind1=" " ind2=" " tag="300"><subfield code="a">v.</subfield></datafield><datafield ind1=" " ind2=" " tag="310"><subfield code="a">Weekly</subfield></datafield><datafield ind1="0" ind2=" " tag="362"><subfield code="a">Vol. 66, no. 20 (Nov. 5, 1857)-</subfield></datafield><datafield ind1=" " ind2=" " tag="580"><subfield code="a">Daily eds.: Cincinnati daily gazette (Cincinnati, Ohio : Large ed.), 1857-1883, and: Cincinnati daily gazette (Cincinnati, Ohio : Dime ed.), &lt;1860&gt;-1883, and: Commercial gazette (Cincinnati, Ohio), 1883, and: Cincinnati commercial gazette, 1883-1896, and: Cincinnati commercial tribune, 1896-1898, and: Commercial tribune (Cincinnati, Ohio), 1898-1915.</subfield></datafield><datafield ind1=" " ind2=" " tag="580"><subfield code="a">Semiweekly ed.: Cincinnati semi-weekly gazette, &lt;1865-1883&gt;.</subfield></datafield><datafield ind1=" " ind2="0" tag="651"><subfield code="a">Cincinnati (Ohio)</subfield><subfield code="v">Newspapers.</subfield></datafield><datafield ind1=" " ind2="7" tag="655"><subfield code="a">Newspapers.</subfield><subfield code="2">fast</subfield><subfield code="0">(OCoLC)fst01423814</subfield></datafield><datafield ind1=" " ind2="7" tag="651"><subfield code="a">Ohio</subfield><subfield code="z">Cincinnati.</subfield><subfield code="2">fast</subfield><subfield code="0">(OCoLC)fst01205142</subfield></datafield><datafield ind1=" " ind2=" " tag="752"><subfield code="a">United States</subfield><subfield code="b">Ohio</subfield><subfield code="c">Hamilton</subfield><subfield code="d">Cincinnati.</subfield></datafield><datafield ind1="1" ind2=" " tag="775"><subfield code="t">Cincinnati daily gazette (Cincinnati, Ohio : Large ed.)</subfield><subfield code="w">(DLC)sn 83045791</subfield></datafield><datafield ind1="1" ind2=" " tag="775"><subfield code="t">Cincinnati daily gazette (Cincinnati, Ohio : Dime ed.)</subfield><subfield code="w">(DLC)sn 84028718</subfield></datafield><datafield ind1="1" ind2=" " tag="775"><subfield code="t">Commercial gazette (Cincinnati, Ohio)</subfield><subfield code="w">(DLC)sn 88077412</subfield></datafield><datafield ind1="1" ind2=" " tag="775"><subfield code="t">Cincinnati commercial gazette</subfield><subfield code="w">(DLC)sn 83045871</subfield></datafield><datafield ind1="1" ind2=" " tag="775"><subfield code="t">Cincinnati commercial tribune</subfield><subfield code="w">(DLC)sn 83045777</subfield></datafield><datafield ind1="1" ind2=" " tag="775"><subfield code="t">Commercial tribune (Cincinnati, Ohio)</subfield><subfield code="w">(DLC)sn 83045778</subfield></datafield><datafield ind1="1" ind2=" " tag="775"><subfield code="t">Cincinnati semi-weekly gazette</subfield><subfield code="w">(DLC)sn 84028719</subfield></datafield><datafield ind1="0" ind2=" " tag="775"><subfield code="t">Triweekly Cincinnati gazette (Cincinnati, Ohio : 1856)</subfield><subfield code="w">(DLC)sn 85027014</subfield></datafield><datafield ind1="0" ind2="0" tag="780"><subfield code="t">Liberty Hall &amp; Cincinnati gazette (Cincinnati, Ohio : 1815)</subfield><subfield code="w">(DLC)sn 84024229</subfield></datafield></record>